<record><leader>00000cas a2200000 a 4500</leader><controlfield tag="001">16907859</controlfield><controlfield tag="008">871028d186u1870inuwr ne      0    0eng c</controlfield><datafield ind1=" " ind2=" " tag="010"><subfield code="a">sn 87056811 </subfield></datafield><datafield ind1=" " ind2=" " tag="040"><subfield code="a">NPI</subfield><subfield code="b">eng</subfield><subfield code="c">NPI</subfield><subfield code="d">NVF</subfield><subfield code="d">OCLCQ</subfield><subfield code="d">LIBRO</subfield><subfield code="d">OCLCO</subfield><subfield code="d">OCLCF</subfield><subfield code="d">OCL</subfield><subfield code="d">IUL</subfield></datafield><datafield ind1=" " ind2=" " tag="042"><subfield code="a">pcc</subfield></datafield><datafield ind1="0" ind2=" " tag="130"><subfield code="a">Banner (Bluffton, Ind.)</subfield></datafield><datafield ind1="1" ind2="4" tag="245"><subfield code="a">The banner.</subfield></datafield><datafield ind1=" " ind2=" " tag="260"><subfield code="a">Bluffton, Ind. :</subfield><subfield code="b">James Gerry Smith</subfield></datafield><datafield ind1=" " ind2=" " tag="310"><subfield code="a">Weekly</subfield></datafield><datafield ind1="1" ind2=" " tag="362"><subfield code="a">Ceased in 1870.</subfield></datafield><datafield ind1=" " ind2=" " tag="588"><subfield code="a">Description based on: Vol. 14, no. 52 (Mar. 1, 1866).</subfield></datafield><datafield ind1=" " ind2=" " tag="588"><subfield code="a">Latest issue consulted: Vol. 19, no. 27 (Sept. 8, 1870).</subfield></datafield><datafield ind1=" " ind2="0" tag="651"><subfield code="a">Bluffton (Ind.)</subfield><subfield code="v">Newspapers.</subfield></datafield><datafield ind1=" " ind2="0" tag="651"><subfield code="a">Wells County (Ind.)</subfield><subfield code="v">Newspapers.</subfield></datafield><datafield ind1=" " ind2="0" tag="651"><subfield code="a">United States</subfield><subfield code="x">History</subfield><subfield code="y">Civil War, 1861-1865</subfield><subfield code="v">Sources.</subfield></datafield><datafield ind1="2" ind2="7" tag="611"><subfield code="a">American Civil War (1861-1865)</subfield><subfield code="2">fast</subfield><subfield code="0">(OCoLC)fst01351658</subfield></datafield><datafield ind1=" " ind2="7" tag="651"><subfield code="a">Indiana</subfield><subfield code="z">Bluffton.</subfield><subfield code="2">fast</subfield><subfield code="0">(OCoLC)fst01218071</subfield></datafield><datafield ind1=" " ind2="7" tag="651"><subfield code="a">Indiana</subfield><subfield code="z">Wells County.</subfield><subfield code="2">fast</subfield><subfield code="0">(OCoLC)fst01218130</subfield></datafield><datafield ind1=" " ind2="7" tag="651"><subfield code="a">United States.</subfield><subfield code="2">fast</subfield><subfield code="0">(OCoLC)fst01204155</subfield></datafield><datafield ind1=" " ind2="7" tag="648"><subfield code="a">1861-1865</subfield><subfield code="2">fast</subfield></datafield><datafield ind1=" " ind2="7" tag="655"><subfield code="a">History.</subfield><subfield code="2">fast</subfield><subfield code="0">(OCoLC)fst01411628</subfield></datafield><datafield ind1=" " ind2="7" tag="655"><subfield code="a">Newspapers.</subfield><subfield code="2">fast</subfield><subfield code="0">(OCoLC)fst01423814</subfield></datafield><datafield ind1=" " ind2="7" tag="655"><subfield code="a">Sources.</subfield><subfield code="2">fast</subfield><subfield code="0">(OCoLC)fst01423900</subfield></datafield><datafield ind1=" " ind2=" " tag="752"><subfield code="a">United States</subfield><subfield code="b">Indiana</subfield><subfield code="c">Wells</subfield><subfield code="d">Bluffton.</subfield></datafield><datafield ind1="0" ind2="0" tag="780"><subfield code="t">Bluffton banner (Bluffton, Ind. : 1850)</subfield><subfield code="w">(DLC)sn 84027277</subfield><subfield code="w">(OCoLC)10989696</subfield></datafield><datafield ind1="0" ind2="0" tag="785"><subfield code="t">Bluffton banner (Bluffton, Ind. : 1870)</subfield><subfield code="w">(DLC)sn 87056830</subfield><subfield code="w">(OCoLC)16906579</subfield></datafield><datafield ind1="1" ind2=" " tag="029"><subfield code="a">AU@</subfield><subfield code="b">000026770791</subfield></datafield></record>